<record><leader>00000cas a2200000 a 4500</leader><controlfield tag="001">11735760</controlfield><controlfield tag="008">850226d18831945ksuwr ne      0   a0eng d</controlfield><datafield ind1=" " ind2=" " tag="010"><subfield code="a">sn 85030156 </subfield></datafield><datafield ind1=" " ind2=" " tag="040"><subfield code="a">KSH</subfield><subfield code="b">eng</subfield><subfield code="c">KSH</subfield><subfield code="d">NPT</subfield><subfield code="d">OCL</subfield><subfield code="d">OCLCQ</subfield></datafield><datafield ind1=" " ind2=" " tag="042"><subfield code="a">msc</subfield></datafield><datafield ind1="0" ind2="4" tag="245"><subfield code="a">The Blue Mound sun.</subfield></datafield><datafield ind1=" " ind2=" " tag="260"><subfield code="a">Blue Mound, Kan. :</subfield><subfield code="b">W.P. Barnes,</subfield><subfield code="c">1883-1945.</subfield></datafield><datafield ind1=" " ind2=" " tag="300"><subfield code="a">62 v. :</subfield><subfield code="b">ill. ;</subfield><subfield code="c">49-62 cm.</subfield></datafield><datafield ind1=" " ind2=" " tag="310"><subfield code="a">Weekly</subfield></datafield><datafield ind1="0" ind2=" " tag="362"><subfield code="a">Vol. 1, no. 1 (May 31, 1883)-v. 62, no. 47 (Mar. 22, 1945).</subfield></datafield><datafield ind1=" " ind2=" " tag="500"><subfield code="a">Publisher varies.</subfield></datafield><datafield ind1=" " ind2=" " tag="500"><subfield code="a">"Republican."</subfield></datafield><datafield ind1=" " ind2=" " tag="515"><subfield code="a">Numbering is irregular.</subfield></datafield><datafield ind1=" " ind2=" " tag="525"><subfield code="a">Supplements included.</subfield></datafield><datafield ind1=" " ind2=" " tag="752"><subfield code="a">United States</subfield><subfield code="b">Kansas</subfield><subfield code="c">Linn</subfield><subfield code="d">Blue Mound.</subfield></datafield><datafield ind1="0" ind2="7" tag="780"><subfield code="t">Mound City republic and Blue Mound sun</subfield><subfield code="w">(DLC)sn 85030140</subfield></datafield><datafield ind1="0" ind2="7" tag="785"><subfield code="t">Mound City republic</subfield><subfield code="w">(DLC)sn 85030141</subfield></datafield></record>